
@article{epstein1903theorieI,
  title={{Zur Theorie allgemeiner Zetafunctionen}},
  author={Epstein, P.},
  journal={Math. Ann.},
  volume={56},
  pages={615â€“644},
  year={1903},
  publisher={Springer},
  url = {https://doi.org/10.1007/BF01444309}
}


@article{epstein1903theorieII,
  title={{Zur Theorie allgemeiner Zetafunktionen. II}},
  author={Epstein, P.},
  journal={Math. Ann.},
  volume={63},
  pages={205--216},
  year={1906},
  publisher={Springer},
  url = {https://doi.org/10.1007/BF01449900}
}


@article{buchheit2023exact,
  title = {Exact continuum representation of long-range interacting systems and emerging exotic phases in unconventional superconductors},
  author = {Buchheit, Andreas A. and Ke\ss{}ler, Torsten and Schuhmacher, Peter K. and Fauseweh, Benedikt},
  journal = {Phys. Rev. Res.},
  volume = {5},
  issue = {4},
  pages = {043065},
  numpages = {22},
  year = {2023},
  month = {10},
  publisher = {American Physical Society},
  doi = {10.1103/PhysRevResearch.5.043065},
  url = {https://link.aps.org/doi/10.1103/PhysRevResearch.5.043065}
}


@article{buchheit2022efficient,
  title={On the Efficient Computation of Large Scale Singular Sums with Applications to Long-Range Forces in Crystal Lattices},
  author={Buchheit, Andreas A. and Ke{\ss}ler, Torsten},
  journal={J. Sci. Comput.},
  volume={90},
  number={1},
  pages={1--20},
  year={2022},
  publisher={Springer},
  doi={10.1007/s10915-021-01731-5},
  url={https://doi.org/10.1007/s10915-021-01731-5}
}



@article{buchheit2022singular,
  title={Singular Euler--Maclaurin expansion on multidimensional lattices},
  author={Buchheit, Andreas A. and Ke{\ss}ler, Torsten},
  journal={Nonlinearity},
  volume={35},
  number={7},
  pages={3706},
  year={2022},
  publisher={IOP Publishing}
}

@inbook{crandall2012unified,
    title={Unified algorithms for polylogarithm, {L-series}, and zeta variants},
    author={Crandall, R.},
    booktitle={Algorithmic Reflections: Selected Works},
    bookauthor={Crandall, R.},
    publisher={PSIpress},
    year={2012},
}


@article{buchheitComputationLatticeSums2024,
  title = {On the Computation of Lattice Sums without Translational Invariance},
  author = {Buchheit, Andreas A. and Ke{\ss}ler, Torsten and Serkh, Kirill},
  year = {2024},
  month = oct,
  journal = {Mathematics of Computation},
  issn = {0025-5718, 1088-6842},
  doi = {10.1090/mcom/4024},
  urldate = {2024-10-30},
  copyright = {https://www.ams.org/publications/copyright-and-permissions},
  langid = {english},
  file = {/home/buss_jn/Zotero/storage/MQB5FMHX/Buchheit et al. - 2024 - On the computation of lattice sums without transla.pdf}
}

@article{buchheit2024computation,
  author = {Andreas A. Buchheit and Jonathan Busse and Ruben Gutendorf},
  title = {Computation and properties of the Epstein zeta function with high-performance implementation in EpsteinLib},
  journal = {arXiv preprint arXiv:2412.16317},
  year = {2024}
}

@article{burrowsMadelungConstantDimensions2022,
  title = {The {{Madelung}} Constant in {{{\emph{N}}}} Dimensions},
  author = {Burrows, Antony and Cooper, Shaun and Schwerdtfeger, P.},
  year = {2022},
  month = nov,
  journal = {Proceedings of the Royal Society A: Mathematical, Physical and Engineering Sciences},
  volume = {478},
  number = {2267},
  pages = {20220334},
  issn = {1364-5021, 1471-2946},
  doi = {10.1098/rspa.2022.0334},
  urldate = {2024-05-23},
  langid = {english}
}